39900000         28523344100019600160249929         00016 00000000149928EMPRESA TESTE  LTDA           BANCO HSBC                              21106201603105000212802001600                                                      00004          
39900011E0440020 28523344100019600160249929         00016 00000000149928EMPRESA TESTE  LTDA                                                   10062016000000000002664415CFBRL02128                                                              
3990001300001E   28523344100019600160249929         00016 00000000149928EMPRESA TESTE  LTDA                                                   10062016000000000000533522D11740650149TRANSF CONNECT BANK  0712642                                
3990001300002E   28523344100019600160249929         00016 00000000149928EMPRESA TESTE  LTDA                                                   10062016000000000000020700D10511710670TAR PACOTE MENSAL    0000000                                
39900015         28523344100019600160249929         00016 00000000149928EMPRESA TESTE  LTDA               00000000000000000000000000000000000010062016000000000002110193CF000004000000000000554222000000000000000000                            
39999999         000001000006000001                                                                                                                                                                                                             
