10400000         2852334410001960000000000000000305600386700300000115477EMPRESA   TESTE  LTDA         CAIXA ECONOMICA FEDERAL                 20507201603455600141103006250                                                                     

10400011E0440020 2852334410001960000000000000000305600386700300000115477EMPRESA   TESTE  LTDA                                                 04072016000000000001150916CPBRL00001                                                              

1040001300001E   2852334410001960000000000000000305600386700300000115477EMPRESA   TESTE  LTDA                                                 04072016000000000000050000C205546 CRED TEV                 0704172                                

1040001300002E   2852334410001960000000000000000305600386700300000115477EMPRESA   TESTE  LTDA                                                 04072016000000000000000040D105633 TAR SITEX                0003056                                

1040001300003E   2852334410001960000000000000000305600386700300000115477EMPRESA   TESTE  LTDA                                                 04072016000000000000066000D104646 ENVIO TEV                0376133                                

1040001300004E   2852334410001960000000000000000305600386700300000115477EMPRESA   TESTE  LTDA                                                 04072016000000000000134131D104646 ENVIO TEV                0378125                                

1040001300005E   2852334410001960000000000000000305600386700300000115477EMPRESA   TESTE  LTDA                                                 04072016000000000000206470D104646 ENVIO TEV                0379300                                

1040001300006E   2852334410001960000000000000000305600386700300000115477EMPRESA   TESTE  LTDA                                                 04072016000000000000078636D104646 ENVIO TEV                0421516                                

1040001300007E   2852334410001960000000000000000305600386700300000115477EMPRESA   TESTE  LTDA                                                 04072016000000000000002246D104646 ENVIO TEV                0552902                                

1040001300008E   2852334410001960000000000000000305600386700300000115477EMPRESA   TESTE  LTDA                                                 04072016000000000000004000D105997 RENOV CROT               0000061                                

10400015         2852334410001960000000000000000305600386700300000115477EMPRESA   TESTE  LTDA             00000000001000000000000000000015123804072016000000000000709393CP000010000000000000491523000000000000050000                            

10499999         000001000012000001                                                                                                                                                                                                             

