34100000         285233441000196               08374038869000000000769 3EMPRESA   TESTE  LTDA         BANCO ITAU S/A                          20607201603325800208505000000                                                                     
34100011E0440031 285233441000196               08374038869000000000769 3EMPRESA   TESTE  LTDA                                                 04072016000000000017908669CPBRL02085                                                              
3410001300001E1  285233441000196000000         08374038869000000000769 3EMPRESA   TESTE  LTDA               DPV                      S        04072016000000000024702691D1060045APL APLIC AUT MAIS                                        000000
3410001300002E1  285233441000196000000         08374038869000000000769 3EMPRESA   TESTE  LTDA               DPV                      S        04072016000000000000260507D1050074TAR/CUSTAS COBRANCA                                       000000
3410001300003E1  285233441000196000000         08374038869000000000769 3EMPRESA   TESTE  LTDA               DPV0100003886000000000000S        04072016000000000000011800D1050074TAR RENOVACAO LIS PJ                                      000000
3410001300004E1  285233441000196000000         08374038869000000000769 3EMPRESA   TESTE  LTDA               DPV0100003886000000000000S        04072016000000000000041888D1050074TAR CTA EMP MENSAL 06/16                                  061600
3410001300005E1  285233441000196000000         08374038869000000000769 3EMPRESA   TESTE  LTDA               DPV0100003886000000000000S        04072016000000000000000760D1050074TAR DEPOSITO DIN AGENCIA                                  000000
3410001300006E2  285233441000196000000         08374038869000000000769 3EMPRESA   TESTE  LTDA               SSR0100003886000000000000S        04072016000000000000086820C2140029MOV TIT COB CHQ   000001                                  000001
3410001300007E1  285233441000196000000         08374038869000000000769 3EMPRESA   TESTE  LTDA               DPV0100003886000000000000S        04072016000000000007109977C2020038MOV TIT COB DISP  04/07S                                  000000
3410001300008E2  285233441000196000000         08374038869000000000769 3EMPRESA   TESTE  LTDA               SSR0100003886000000000000S        04072016000000000044182804C2020038MOV TIT COBRANCA  04/07S                                  000000
3410001300009E1  285233441000196000000         08374038869000000000769 3EMPRESA   TESTE  LTDA               DPV                      S        05072016000000000000079618D1130070SISPAG SALARIOS                                           000000
3410001300010E1  285233441000196000000         08374038869000000000769 3EMPRESA   TESTE  LTDA               DPV                      S        05072016000000000000113538D1120069SISPAG FORNECEDORES                                       000000
3410001300011E1  285233441000196000000         08374038869000000000769 3EMPRESA   TESTE  LTDA               DPV                      S        05072016000000000048000000D1200008SISPAG TRANSF TITUL TED                                   000000
3410001300012E1  285233441000196000000         08374038869000000000769 3EMPRESA   TESTE  LTDA               DPV0100005939000000000000S        05072016000000000000086820D1190033DEVOL CHQ PAGTO CTA/TIT                                   002724
3410001300013E1  285233441000196000000         08374038869000000000769 3EMPRESA   TESTE  LTDA               DPV0100003886000000000000S        05072016000000000000001700D1050074TAR TED SISPAG                                            000000
3410001300014E1  285233441000196000000         08374038869000000000769 3EMPRESA   TESTE  LTDA               DPV0100004175829000050239S        05072016000000000000193400C2130063TBI 8290.05023-9     C/C                                  000000
3410001300015E1  285233441000196000000         08374038869000000000769 3EMPRESA   TESTE  LTDA               DPV  00103308000000105708S        05072016000000000000500950C2090007TED 001.3308PRE 11 EMP I                                  000000
34100015         285233441000196               08374038869000000000769 3                00000000000000000000000000000000000000000000000000000005072016000000000003316702DP0000170000000000732993220000000000520739510000000000000000000000000000
34199999         000001000019000001                                                                                                                                                                                                             
