02RETORNO01COBRANCA       3603X000385298000000ASSOCIACAO BRASILEIRA DE ANTRO001BANCO DO BRASIL0804100000043                      000000048103912346  2019029                                                                                                                                                                                                                                              000001
700000000000000003603X0003852982019029                         2019029000000010510000001   01900000000000 1806080410250315                        150116000000001000000136536001204100000500000000000000000000000001010000000000000000000000000000000000000000000000011233000000000123300000000000000000000000000000000000950020000000000000          0000000000000000000000000000000000000000000000000001000002
9201001          000000000000000000000000000000          000000000000000000000000000000          000000000000000000000000000000          000000000000000000000000000000                                                  000000000000000000000000000000                                                                                                                                                   000003
