02RETORNO01COBRANCA       188600001692        EMPRESA TESTE LTDA            341BANCO ITAU S.A.24021601600BPI00860240216                                                                                                                                                                                                                                                                                   000001
10269757762000133388600007693        1706178-1                00030811            109000308113             I022402161706178-1 00030811            25021600000003439533412897701000000000000000000000000000000000000000000000000000000000000000000000000000000000000000000000000000005730000000000000         00000000000000000000000RUBIS 25 ESQUADRIAS DE MADEIRA                                        000002
10269757762000133388600007693        1706180-1                00030812            109000308121             I022402161706180-1 00030812            25021600000011326583412897701000000000000000000000000000000000000000000000000000000000000000000000000000000000000000000000000000018880000000000000         00000000000000000000000C SANTOS MATERIAIS DE CONSTRUC                                        000003
10269757762000133388600007693        1685730-3                00027118            109000271188             I062402161685730-3 00027118            22021600000000706872370543901000000000014800000000000000000000000000000000000000000000000000000000000000000000000007077500000000002360000000000000   24021600000000000000000000000PONTO 13 COMERCIO VAREJISTA DE                                      B1000004
10269757762000133388600007693        1686196-1                00027265            109000272657             I062402161686196-1 00027265            24021600000005821204220115601000000000014800000000000000000000000000000000000000000000000000000000000014994000000056697800000000000000000000000000   24021600000000000000000000000LOJAS CEM S/A                                                       B7000005
10269757762000133388600007693        1686405-5                00027316            109000273168             I062402161686405-5 00027316            24021600000000838501040372301000000000014800000000000000000000000000000000000000000000000000000000000000000000000008370200000000000000000000000000   24021600000000000000000000000BRUTTONI COM. MAT. P/ CONST. T                                      B2000006
10269757762000133388600007693        1686406-3                00027319            109000273192             I062402161686406-3 00027319            24021600000000720221043866101000000000014800000000000000000000000000000000000000000000000000000000000000000000000007187400000000000000000000000000   24021600000000000000000000000FGS MATERIAIS DE CONSTRUCAO E                                       B3000007
10269757762000133388600007693        1686409-3                00027327            109000273275             I062402161686409-3 00027327            24021600000000732791043915601000000000014800000000000000000000000000000000000000000000000000000000000000000000000007313100000000000000000000000000   24021600000000000000000000000SOUZA RIBAS & RIBAS LTDA - ME                                       B3000008
10269757762000133388600007693        1686410-5                00027332            109000273325             I062402161686410-5 00027332            24021600000000924740013263101000000000014800000000000000000000000000000000000000000000000000000000000000000000000009232600000000000000000000000000   24021600000000000000000000000JESS MATERIAIS PARA  CONSTRUCA                                      B6000009
10269757762000133388600007693        1686413-5                00027337            109000273374             I062402161686413-5 00027337            24021600000000689813413715001000000000014800000000000000000000000000000000000000000000000000000000000000000000000006883300000000000000000000000000   24021600000000000000000000000MARCELO JACOMEL MARTINS                                             AA000010
10269757762000133388600007693        1686417-5                00027342            109000273424             I062402161686417-5 00027342            24021600000000546121040406901000000000014800000000000000000000000000000000000000000000000000000000000000000000000005446400000000000000000000000000   24021600000000000000000000000VALBILL COM DE MAT DE CONSTRUC                                      B3000011
10269757762000133388600007693        1686910-3                00027444            109000274448             I062402161686910-3 00027444            25021600000000554423410088501000000000014800000000000000000000000000000000000000000000000000000000000000000000000005529400000000000000000000000000   24021600000000000000000000000NASSI MATERIAIS PARA CONSTRUCA                                      AA000012
10269757762000133388600007693        1685339-5                00028155            109000281559             I062402161685339-5 00028155            19021600000001502232370216201000000000014800000000000000000000000000000000000000000000000000000000000000000000000015132500000000012500000000000000   24021600000000000000000000000GOLDEN MATERIAIS PARA CONSTRUC                                      B3000013
10269757762000133388600007693        1692248-2                00028328            109000283282             I062402161692248-2 00028328            24021600000000674257564361201000000000014800000000000000000000000000000000000000000000000000000000000000000000000006727700000000000000000000000000   24021600000000000000000000000M H C NAKATANI CONSTRUCOES E                                        B1000014
10269757762000133388600007693        1692266-2                00028357            109000283571             I062402161692266-2 00028357            24021600000000576221040569401000000000014800000000000000000000000000000000000000000000000000000000000000000000000005747400000000000000000000000000   24021600000000000000000000000A  M  DOMINGOS - MATERIAL DE C                                      B3000015
10269757762000133388600007693        1692273-2                00028371            109000283712             I062402161692273-2 00028371            24021600000000691477487162101000000000014800000000000000000000000000000000000000000000000000000000000000000000000006899900000000000000000000000000   24021600000000000000000000000LIMA & BARBIERI LTDA ME                                             B1000016
10269757762000133388600007693        1694495-3                00028569            109000285691             I062402161694495-3 00028569            24021600000000600001044847001000000000014800000000000000000000000000000000000000000000000000000000000000000000000005985200000000000000000000000000   24021600000000000000000000000DEPOSITO DE MATERIAIS DE CONST                                      B3000017
10269757762000133388600007693        1694507-3                00028588            109000285881             I062402161694507-3 00028588            24021600000000694001040319401000000000014800000000000000000000000000000000000000000000000000000000000000000000000006925200000000000000000000000000   24021600000000000000000000000CONSTRUVALE CONSTRUCOES DE LOR                                      B3000018
10269757762000133388600007693        1695441-1                00028863            109000288638             I062402161695441-1 00028863            19021600000000870612376455001000000000014800000000000000000000000000000000000000000000000000000000000000000000000008763800000000007250000000000000   24021600000000000000000000000L S DO PRADO & CIA LTDA                                             B5000019
10269757762000133388600007693        1699969-1                00029616            109000296169             I062402161699969-1 00029616            18021600000000692001044119401000000000014800000000000000000000000000000000000000000000000000000000000000000000000006974200000000006900000000000000   24021600000000000000000000000JPR MATERIAIS DE CONSTRUCOES L                                      B3000020
10269757762000133388600007693        1699970-1                00029621            109000296219             I062402161699970-1 00029621            18021600000000210211044119401000000000014800000000000000000000000000000000000000000000000000000000000000000000000002108300000000002100000000000000   24021600000000000000000000000JPR MATERIAIS DE CONSTRUCOES L                                      B3000021
10269757762000133388600007693        1702021-1                00029961            109000299619             I062402161702021-1 00029961            24021600000000622003417177901000000000014800000000000000000000000000000000000000000000000000000000000000000000000006205200000000000000000000000000   24021600000000000000000000000CRUZEIRO NOVO COMERCIO E IND.                                       CP000022
10269757762000133388600007693        1702022-1                00029966            109000299668             I062402161702022-1 00029966            24021600000000618001041244301000000000014800000000000000000000000000000000000000000000000000000000000000000000000006165200000000000000000000000000   24021600000000000000000000000SHOCK D'AGUA BAZAR LTDA                                             B5000023
10269757762000133388600007693        1702557-1                00030130            109000301308             I062402161702557-1 00030130            26021600000000474001040393901000000000014800000000000000000000000000000000000000000000000000000000000000000000000004725200000000000000000000000000   24021600000000000000000000000DANIEL MARISTANY BRUZAMOLIN                                         B5000024
10269757762000133388600007693        1702935-1                00030197            109000301977             I062402161702935-1 00030197            28021600000000447000011765701000000000014800000000000000000000000000000000000000000000000000000000000000000000000004455200000000000000000000000000   24021600000000000000000000000S                                                                   B1000025
10269757762000133388600007693        1697739-2                00029228            109000292283             I212402161697739-2 00029228            25021600000001319003410082801000000000000000000000000000000000000000000000000000000000000000000000000000000000000000000000000000000000000000000000         00000000000000000000000CAPISMAR MATERIAIS DE CONSTRUC                                        000026
10269757762000133388600007693        1700012-1                00029648            109000296482             I212402161700012-1 00029648            18021600000003298153410259201000000000000000000000000000000000000000000000000000000000000000000000000000000000000000000000000000000000000000000000         00000000000000000000000ORLANDO MILTON DE MENEZES - EP                                        000027
9201341          000000000000000000000000000000          000000000000000000000000000000                                                  000000000000000000000000000000          0000148900000193218715  24/02S008600000002600000003958992                                                                                                                                                                000028
