00100000         216611534000194123456              01212300000002323223Anteros Tecnologia Ltda       BANCO DO BRASIL S.A.                    10107201617154300000108300000                                                                     
00100011R00  042 2016611534000194123456              01212300000002323223Anteros Tecnologia Ltda                                                                                       0000000101072016                                         
0010001300001P 0101212323232       2305009401448         11122100000001      1005201600000000123473401212302N10052016110052016000000000001000110052016000000000001000000000000001000000000000001000100000001                3052010090000000000 
0000000300000Q 000000000000000000                                                                                               00000000                 0000000000000000                                        000                            
0010001300002P 0101212323232       2305009401449         11122100000001      1005201600000000523471401212302N10052016110052016000000000001000110052016000000000001000000000000001000000000000001000100000001                3052010090000000000 
0000000300000Q 000000000000000000                                                                                               00000000                 0000000000000000                                        000                            
0010001300003P 0101212323232       2305009401440         11122100000001      1005201600000000612472401212302N10052016110052016000000000001000110052016000000000001000000000000001000000000000001000100000001                3052010090000000000 
0000000300000Q 000000000000000000                                                                                               00000000                 0000000000000000                                        000                            
0010001300004P 0101212323232       2305009401447         11122100000001      1005201600000000002345401212302N10052016110052016000000000001000110052016000000000001000000000000001000000000000001000100000001                3052010090000000000 
0000000300000Q 000000000000000000                                                                                               00000000                 0000000000000000                                        000                            
00100015         000004                                                                                                                                                                                                                         
00199999         000001000001000000                                                                                                                                                                                                             
