01REMESSA01COBRANCA       12123000232322000000Anteros Tecnologia Ltda       000               0107160000001                                                                                                                                                                                                                                                                                               000001
100000 000000000000 00010121200232322                         0000000005009401448 0000000000R   01100000001 10051600000012347340000002N100516000000000000010001005160000000000000000000000100000000000010000217440867000160Empresa Teste Ltda                      Av. Presidente Vargas,140                           87260000                                                            000002
100000 000000000000 00010121200232322                         0000000005009401449 0000000000R   01100000001 10051600000052347140000002N100516000000000000010001005160000000000000000000000100000000000010000292584124000180Empresa XYZ Ltda                        Rua do Mercado,140                                  87250000                                                            000003
100000 000000000000 00010121200232322                         0000000005009401440 0000000000R   01100000001 10051600000061247240000002N100516000000000000010001005160000000000000000000000100000000000010000254463711000121Construtora ABC Ltda                    Av. Manoel Mendes de Camargo,340                    87300000                                                            000004
100000 000000000000 00010121200232322                         0000000005009401447 0000000000R   01100000001 10051600000000234540000002N100516000000000000010001005160000000000000000000000100000000000010000215222634000166Imobiliaria S/C                         Av. Presidente Vargas,140                           87260000                                                            000005
9                                                                                                                                                                                                                                                                                                                                                                                                         000006
