10400000         216611534000194123456              01212300000023232323Anteros Tecnologia Ltda       CAIXA ECONOMICA FEDERAL                 10107201617154300000105000000                                                                     
10400011R00  030 2016611534000194123456              01212300000023232323Anteros Tecnologia Ltda                                                                                       0000000101072016                                         
1040001300001P 01012123232323      23188282828282        11122100000001      1005201600000000123473401212302N10052016110052016000000000001000110052016000000000001000000000000001000000000000001000100000001                3052010090000000000 
0000000300000Q 000000000000000000                                                                                               00000000                 0000000000000000                                        000                            
1040001300002P 01012123232323      23288282828282        11122100000001      1005201600000000523471401212302N10052016110052016000000000001000110052016000000000001000000000000001000000000000001000100000001                3052010090000000000 
0000000300000Q 000000000000000000                                                                                               00000000                 0000000000000000                                        000                            
1040001300003P 01012123232323      23388282828282        11122100000001      1005201600000000612472401212302N10052016110052016000000000001000110052016000000000001000000000000001000000000000001000100000001                3052010090000000000 
0000000300000Q 000000000000000000                                                                                               00000000                 0000000000000000                                        000                            
1040001300004P 01012123232323      23488282828282        11122100000001      1005201600000000002345401212302N10052016110052016000000000001000110052016000000000001000000000000001000000000000001000100000001                3052010090000000000 
0000000300000Q 000000000000000000                                                                                               00000000                 0000000000000000                                        000                            
10400015         000004                                                                                                                                                                                                                         
10499999         000001000001000000                                                                                                                                                                                                             