39900000         216611534000194123456              01212300000002323223Anteros Tecnologia Ltda       HSBC BANK BRASIL S.A.                   10107201617154300000101000000                                                                     
39900011R00  010 2016611534000194123456              01212300000002323223Anteros Tecnologia Ltda                                                                                       0000000101072016                                         
3990001300001P 0101212323232       235009401448          11122100000001      1005201600000000123473401212302N10052016110052016000000000001000110052016000000000001000000000000001000000000000001000100000001                3052010090000000000 
0000000300000Q 000000000000000000                                                                                               00000000                 0000000000000000                                        000                            
3990001300002P 0101212323232       235009401449          11122100000001      1005201600000000523471401212302N10052016110052016000000000001000110052016000000000001000000000000001000000000000001000100000001                3052010090000000000 
0000000300000Q 000000000000000000                                                                                               00000000                 0000000000000000                                        000                            
3990001300003P 0101212323232       235009401440          11122100000001      1005201600000000612472401212302N10052016110052016000000000001000110052016000000000001000000000000001000000000000001000100000001                3052010090000000000 
0000000300000Q 000000000000000000                                                                                               00000000                 0000000000000000                                        000                            
3990001300004P 0101212323232       235009401447          11122100000001      1005201600000000002345401212302N10052016110052016000000000001000110052016000000000001000000000000001000000000000001000100000001                3052010090000000000 
0000000300000Q 000000000000000000                                                                                               00000000                 0000000000000000                                        000                            
39900015         000004                                                                                                                                                                                                                         
39999999         000001000001000000                                                                                                                                                                                                             
