23700000         216611534000194123456              01212300000023232323Anteros Tecnologia Ltda       BANCO BRADESCO S.A.                     10107201617154300000108400000                                                                     
23700011R00  042 2016611534000194123456              01212300000023232323Anteros Tecnologia Ltda                                                                                       0000000101072016                                         
2370001300001P 01012123232323      2305009401448         11122100000001      1005201600000000123473401212302N10052016110052016000000000001000110052016000000000001000000000000001000000000000001000100000001                3052010090000000000 
0000000300000Q 000000000000000000                                                                                               00000000                 0000000000000000                                        000                            
2370001300002P 01012123232323      2305009401449         11122100000001      1005201600000000523471401212302N10052016110052016000000000001000110052016000000000001000000000000001000000000000001000100000001                3052010090000000000 
0000000300000Q 000000000000000000                                                                                               00000000                 0000000000000000                                        000                            
2370001300003P 01012123232323      2305009401440         11122100000001      1005201600000000612472401212302N10052016110052016000000000001000110052016000000000001000000000000001000000000000001000100000001                3052010090000000000 
0000000300000Q 000000000000000000                                                                                               00000000                 0000000000000000                                        000                            
2370001300004P 01012123232323      2305009401447         11122100000001      1005201600000000002345401212302N10052016110052016000000000001000110052016000000000001000000000000001000000000000001000100000001                3052010090000000000 
0000000300000Q 000000000000000000                                                                                               00000000                 0000000000000000                                        000                            
23700015         000004                                                                                                                                                                                                                         
23799999         000001000001000000                                                                                                                                                                                                             
